@book{dugan2002electrical,
  title={Electrical power systems quality},
  author={Dugan, Roger C and McGranaghan, Mark F and Santoso, Surya and Beaty, H Wayne},
  publisher={USA: McGraw-Hill},  
  volume= 2,   
  year={2002}
}

@manual{analogdevices:ade7758,
   organization={Analog Devices},   
   title={Poly Phase Multifunction Energy Metering IC with Per Phase Information - ADE7758 Datasheet},
   note={Rev. E},
   year={2011}
}

@book{ons2gerenciamento,
  title={Gerenciamento dos Indicadores de Desempenho da Rede Basica e seus Componentes},
  author={ONS, Procedimentos de Rede},
  publisher={Submodulo},
  year={2002}
}

